<record><leader>02337cas a2200601 i 4500</leader><controlfield tag="001">on1112608846</controlfield><controlfield tag="003">OCoLC</controlfield><controlfield tag="005">20220804101620.0</controlfield><controlfield tag="006">m     o  d f      </controlfield><controlfield tag="007">cr |||||||||||</controlfield><controlfield tag="008">190820c199u9999orumr n o    f0   a0eng c</controlfield><datafield ind1=" " ind2=" " tag="010"><subfield code="a">  2021242619</subfield></datafield><datafield ind1=" " ind2=" " tag="040"><subfield code="a">OSO</subfield><subfield code="b">eng</subfield><subfield code="e">rda</subfield><subfield code="e">pn</subfield><subfield code="c">OSO</subfield><subfield code="d">OCLCQ</subfield><subfield code="d">ORU</subfield><subfield code="d">DLC</subfield><subfield code="d">OCLCO</subfield><subfield code="d">OCLCA</subfield></datafield><datafield ind1=" " ind2=" " tag="012"><subfield code="l">1</subfield></datafield><datafield ind1="0" ind2=" " tag="022"><subfield code="a">2769-6936</subfield><subfield code="2">1</subfield></datafield><datafield ind1=" " ind2=" " tag="035"><subfield code="a">(OCoLC)1112608846</subfield></datafield><datafield ind1=" " ind2=" " tag="042"><subfield code="a">pcc</subfield><subfield code="a">nsdp</subfield></datafield><datafield ind1=" " ind2=" " tag="043"><subfield code="a">n-us-or</subfield></datafield><datafield ind1="1" ind2="0" tag="050"><subfield code="a">ISSN RECORD</subfield></datafield><datafield ind1=" " ind2="4" tag="050"><subfield code="a">E78.O6</subfield><subfield code="b">S523</subfield></datafield><datafield ind1="1" ind2="0" tag="082"><subfield code="a">.500497</subfield><subfield code="2">23</subfield></datafield><datafield ind1=" " ind2=" " tag="049"><subfield code="a">ORUM</subfield></datafield><datafield ind1="0" ind2=" " tag="130"><subfield code="a">Siletz news (Siletz, Or. : 1998)</subfield></datafield><datafield ind1=" " ind2="0" tag="222"><subfield code="a">Siletz news</subfield><subfield code="b">(Siletz, Or. 1998. Online)</subfield></datafield><datafield ind1="1" ind2="0" tag="245"><subfield code="a">Siletz news /</subfield><subfield code="c">Confederated Tribes of Siletz Indians.</subfield></datafield><datafield ind1=" " ind2="1" tag="264"><subfield code="a">Siletz, OR :</subfield><subfield code="b">Confederated Tribes of Siletz Indians</subfield></datafield><datafield ind1=" " ind2=" " tag="300"><subfield code="a">1 online resource</subfield></datafield><datafield ind1=" " ind2=" " tag="310"><subfield code="a">Monthly</subfield></datafield><datafield ind1=" " ind2=" " tag="336"><subfield code="a">text</subfield><subfield code="b">txt</subfield><subfield code="2">rdacontent</subfield></datafield><datafield ind1=" " ind2=" " tag="336"><subfield code="a">still image</subfield><subfield code="b">sti</subfield><subfield code="2">rdacontent</subfield></datafield><datafield ind1=" " ind2=" " tag="337"><subfield code="a">computer</subfield><subfield code="b">c</subfield><subfield code="2">rdamedia</subfield></datafield><datafield ind1=" " ind2=" " tag="338"><subfield code="a">online resource</subfield><subfield code="b">cr</subfield><subfield code="2">rdacarrier</subfield></datafield><datafield ind1="0" ind2=" " tag="588"><subfield code="a">Print version record.</subfield></datafield><datafield ind1="1" ind2=" " tag="588"><subfield code="a">Vol. 49, no. 8 (August 2021); title from PDF masthead (publisher's Web site, viewed August 30, 2021).</subfield></datafield><datafield ind1=" " ind2="0" tag="651"><subfield code="a">Confederated Tribes of the Siletz Reservation, Oregon</subfield><subfield code="v">Newspapers.</subfield></datafield><datafield ind1=" " ind2="0" tag="650"><subfield code="a">Siletz Indians</subfield><subfield code="v">Newspapers.</subfield></datafield><datafield ind1=" " ind2="0" tag="651"><subfield code="a">Siletz Indian Reservation (Or.)</subfield><subfield code="v">Newspapers.</subfield></datafield><datafield ind1=" " ind2="0" tag="650"><subfield code="a">Indians of North America</subfield><subfield code="z">Oregon</subfield><subfield code="v">Newspapers.</subfield></datafield><datafield ind1=" " ind2="0" tag="651"><subfield code="a">Siletz (Or.)</subfield><subfield code="v">Newspapers.</subfield></datafield><datafield ind1=" " ind2="7" tag="651"><subfield code="a">Confederated Tribes of the Siletz Reservation, Oregon.</subfield><subfield code="2">fast</subfield><subfield code="0">(OCoLC)fst01715441</subfield></datafield><datafield ind1=" " ind2="7" tag="650"><subfield code="a">Indians of North America.</subfield><subfield code="2">fast</subfield><subfield code="0">(OCoLC)fst00969633</subfield></datafield><datafield ind1=" " ind2="7" tag="650"><subfield code="a">Siletz Indians.</subfield><subfield code="2">fast</subfield><subfield code="0">(OCoLC)fst01118573</subfield></datafield><datafield ind1=" " ind2="7" tag="651"><subfield code="a">Oregon.</subfield><subfield code="2">fast</subfield><subfield code="0">(OCoLC)fst01204579</subfield></datafield><datafield ind1=" " ind2="7" tag="651"><subfield code="a">Oregon</subfield><subfield code="z">Siletz.</subfield><subfield code="2">fast</subfield><subfield code="0">(OCoLC)fst01867223</subfield></datafield><datafield ind1=" " ind2="7" tag="651"><subfield code="a">Oregon</subfield><subfield code="z">Siletz Indian Reservation.</subfield><subfield code="2">fast</subfield><subfield code="0">(OCoLC)fst01269133</subfield></datafield><datafield ind1=" " ind2="7" tag="655"><subfield code="a">Newspapers.</subfield><subfield code="2">fast</subfield><subfield code="0">(OCoLC)fst01423814</subfield></datafield><datafield ind1=" " ind2="7" tag="655"><subfield code="a">Newspapers.</subfield><subfield code="2">lcgft</subfield></datafield><datafield ind1="1" ind2=" " tag="710"><subfield code="a">Confederated Tribes of the Siletz Reservation, Oregon,</subfield><subfield code="e">issuing body.</subfield></datafield><datafield ind1=" " ind2=" " tag="752"><subfield code="a">United States</subfield><subfield code="b">Oregon</subfield><subfield code="c">Lincoln</subfield><subfield code="d">Siletz.</subfield></datafield><datafield ind1="0" ind2="8" tag="776"><subfield code="i">Print version:</subfield><subfield code="t">Siletz news (Siletz, Or. : 1998)</subfield><subfield code="x">2769-6928</subfield><subfield code="w">(DLC)sn 00062041</subfield><subfield code="w">(OCoLC)40769128</subfield></datafield><datafield ind1="0" ind2="0" tag="780"><subfield code="t">Siletz tribal newspaper</subfield></datafield><datafield ind1="4" ind2="0" tag="856"><subfield code="3">2015-</subfield><subfield code="u">https://www.ctsi.nsn.us/siletz-news/</subfield></datafield><datafield ind1=" " ind2=" " tag="994"><subfield code="a">C0</subfield><subfield code="b">ORU</subfield></datafield></record>